<?xml version="1.0" encoding="UTF-8"?><collection xmlns="http://www.loc.gov/MARC21/slim"><record><leader>00603nam--2200181-i-4500</leader><controlfield tag="001">000028190</controlfield><controlfield tag="002">20161230</controlfield><controlfield tag="005">20161230201037</controlfield><controlfield tag="008">060222s1000------------r-----000-0-fre-d</controlfield><datafield ind1=" " ind2=" " tag="040"><subfield code="a">IFIN-HH</subfield></datafield><datafield ind1=" " ind2=" " tag="041"><subfield code="a">fre</subfield></datafield><datafield ind1=" " ind2=" " tag="080"><subfield code="a">535.375.5(043)</subfield></datafield><datafield ind1="1" ind2=" " tag="100"><subfield code="a">Leicknam, Jean-claude</subfield></datafield><datafield ind1="1" ind2="0" tag="245"><subfield code="a">Profils des bandes raman associees aux transitions entre etats non degeneres pour les moleculs polyatomiques dissoutes dans des solvants inertes</subfield><subfield code="b">These</subfield><subfield code="c">Jean-claude leicknam</subfield></datafield><datafield ind1=" " ind2=" " tag="260"><subfield code="a">Paris</subfield><subfield code="b">Universite Pierre Et Marie-curie</subfield><subfield code="c">1979</subfield></datafield><datafield ind1=" " ind2=" " tag="300"><subfield code="a">111P</subfield></datafield><datafield ind1=" " ind2=" " tag="852"><subfield code="a">75732</subfield><subfield code="c">535.37</subfield></datafield><datafield ind1=" " ind2=" " tag="CAT"><subfield code="a">Sys</subfield><subfield code="c">20110428</subfield><subfield code="h">160220</subfield></datafield></record></collection>